<record><leader>00000cas a22000007a 4500</leader><controlfield tag="001">10454498</controlfield><controlfield tag="008">840224c18979999mouwr ne      0   a0eng d</controlfield><datafield ind1=" " ind2=" " tag="010"><subfield code="a">sn 84009882 </subfield></datafield><datafield ind1=" " ind2=" " tag="040"><subfield code="a">NSD</subfield><subfield code="b">eng</subfield><subfield code="c">NSD</subfield><subfield code="d">MQN</subfield><subfield code="d">OCLCQ</subfield><subfield code="d">OCLCF</subfield><subfield code="d">OCLCO</subfield></datafield><datafield ind1=" " ind2=" " tag="012"><subfield code="m">1</subfield></datafield><datafield ind1="1" ind2=" " tag="022"><subfield code="a">0746-9934</subfield><subfield code="l">0746-9934</subfield><subfield code="2">1</subfield></datafield><datafield ind1=" " ind2=" " tag="032"><subfield code="a">153200</subfield><subfield code="b">USPS</subfield></datafield><datafield ind1=" " ind2=" " tag="037"><subfield code="b">The Democrat-Leader, 202 E. Morrison, Fayette, Mo. 65248</subfield></datafield><datafield ind1=" " ind2=" " tag="042"><subfield code="a">nsdp</subfield><subfield code="a">msc</subfield></datafield><datafield ind1=" " ind2=" " tag="043"><subfield code="a">n-us-mo</subfield></datafield><datafield ind1="0" ind2=" " tag="130"><subfield code="a">Democrat-leader (Fayette, Mo.)</subfield></datafield><datafield ind1=" " ind2="0" tag="222"><subfield code="a">Democrat-leader (Fayette, Mo.)</subfield></datafield><datafield ind1="1" ind2="4" tag="245"><subfield code="a">The Democrat-leader.</subfield></datafield><datafield ind1=" " ind2=" " tag="260"><subfield code="a">Fayette, Mo. :</subfield><subfield code="b">Mason &amp; Briggs</subfield></datafield><datafield ind1=" " ind2=" " tag="310"><subfield code="a">Weekly</subfield></datafield><datafield ind1="1" ind2=" " tag="362"><subfield code="a">Began in 1897.</subfield></datafield><datafield ind1=" " ind2=" " tag="500"><subfield code="a">A daily ed. was published Aug. 29-Sept. 3, 1899 during the annual meeting in Fayette of the Missouri Conference of the Methodist Episcopal Church, South.</subfield></datafield><datafield ind1=" " ind2=" " tag="515"><subfield code="a">Continues numbering of: Semi-weekly Democrat-banner; numbering is irregular.</subfield></datafield><datafield ind1=" " ind2=" " tag="525"><subfield code="a">Includes supplements.</subfield></datafield><datafield ind1=" " ind2=" " tag="588"><subfield code="a">Description based on: Old vol. 19, no. 1 (Nov. 18, 1897) = New v. 4.</subfield></datafield><datafield ind1=" " ind2="0" tag="651"><subfield code="a">Fayette (Mo.)</subfield><subfield code="v">Newspapers.</subfield></datafield><datafield ind1=" " ind2="7" tag="655"><subfield code="a">Newspapers.</subfield><subfield code="2">fast</subfield><subfield code="0">(OCoLC)fst01423814</subfield></datafield><datafield ind1=" " ind2="7" tag="651"><subfield code="a">Missouri</subfield><subfield code="z">Fayette.</subfield><subfield code="2">fast</subfield><subfield code="0">(OCoLC)fst01220799</subfield></datafield><datafield ind1=" " ind2=" " tag="752"><subfield code="a">United States</subfield><subfield code="b">Missouri</subfield><subfield code="c">Howard</subfield><subfield code="d">Fayette.</subfield></datafield><datafield ind1="0" ind2="4" tag="780"><subfield code="t">Semi-weekly Democrat-banner</subfield><subfield code="w">(DLC)sn 89066376</subfield></datafield><datafield ind1="0" ind2="4" tag="780"><subfield code="t">Howard County leader</subfield><subfield code="w">(DLC)sn 89066378</subfield></datafield></record>